@Misc{PyMat,
  author = 	 {Andrew Sterian},
  title = 	 {PyMat Developers Page},
  howpublished = {URI: http://sourceforge.net/projects/pymat},
  month = 	 {October},
  year = 	 2004
}



@Misc{MatlabExternalInterfaces,
  author = 	 {The MathWorks},
  title = 	 {Matlab External Interfaces},
  howpublished = {URI: http://www.mathworks.com/access/helpdesk/help/techdoc/apiref/apiref.html},
  month = 	 {November},
  year = 	 2004
}



